@ARTICLE{Obien2015-tg,
  title   = "Revealing neuronal function through microelectrode array
             recordings",
  author  = "Obien, Marie Engelene J and Deligkaris, Kosmas and Bullmann,
             Torsten and Bakkum, Douglas J and Frey, Urs",
  journal = "Front. Neurosci.",
  volume  =  8,
  year    =  2015
}

@ARTICLE{Lee2020-es,
  title    = "Human in vitro systems for examining synaptic function and
              plasticity in the brain",
  author   = "Lee, Kevin and Park, Thomas I-H and Heppner, Peter and Schweder,
              Patrick and Mee, Edward W and Dragunow, Michael and Montgomery,
              Johanna M",
  journal  = "J. Neurophysiol.",
  volume   =  123,
  number   =  3,
  pages    = "945--965",
  year     =  2020,
  language = "en"
}

@ARTICLE{Muller2015-nz,
  title    = "High-resolution {CMOS} {MEA} platform to study neurons at
              subcellular, cellular, and network levels",
  author   = "M{\"u}ller, Jan and Ballini, Marco and Livi, Paolo and Chen,
              Yihui and Radivojevic, Milos and Shadmani, Amir and Viswam, Vijay
              and Jones, Ian L and Fiscella, Michele and Diggelmann, Roland and
              Stettler, Alexander and Frey, Urs and Bakkum, Douglas J and
              Hierlemann, Andreas",
  journal  = "Lab Chip",
  volume   =  15,
  number   =  13,
  pages    = "2767--2780",
  year     =  2015,
  language = "en"
}

@ARTICLE{Liu2024-es,
  title   = "Flexible high-density microelectrode arrays for closed-loop
             brain--machine interfaces: a review",
  author  = "Liu, Xiang and Gong, Yan and Jiang, Zebin and Stevens, Trevor and
             Li, Wen",
  journal = "Front. Neurosci.",
  volume  =  18,
  year    =  2024
}

@ARTICLE{Miccoli2019-hi,
  title   = "High-density electrical recording and impedance imaging with a
             multi-modal {CMOS} multi-electrode array chip",
  author  = "Miccoli, Beatrice and Lopez, Carolina Mora and Goikoetxea, Erkuden
             and Putzeys, Jan and Sekeri, Makrina and Krylychkina, Olga and
             Chang, Shuo-Wen and Firrincieli, Andrea and Andrei, Alexandru and
             Reumers, Veerle and Braeken, Dries",
  journal = "Front. Neurosci.",
  volume  =  13,
  year    =  2019
}

@INCOLLECTION{Ahmadi_Seyedkhani2024-wl,
  title     = "Principles and advancements of microelectrode arrays in
               brain-machine interfaces",
  booktitle = "Biomedical Engineering",
  author    = "Ahmadi Seyedkhani, Shahab and Mohammadpour, Raheleh and
               Irajizad, Azam",
  editor    = "Villarreal-G{\'o}mez, Dr Luis Jes{\'u}s",
  publisher = "IntechOpen",
  year      =  2024,
  address   = "London, England"
}

@ARTICLE{Emmenegger2019-dk,
  title   = "Technologies to study action potential propagation with a focus on
             {HD-MEAs}",
  author  = "Emmenegger, Vishalini and Obien, Marie Engelene J and Franke,
             Felix and Hierlemann, Andreas",
  journal = "Front. Cell. Neurosci.",
  volume  =  13,
  year    =  2019
}

@ARTICLE{Obien2019-hs,
  title    = "Large-scale, high-resolution microelectrode arrays for
              interrogation of neurons and networks",
  author   = "Obien, Marie Engelene J and Frey, Urs",
  journal  = "Adv. Neurobiol.",
  volume   =  22,
  pages    = "83--123",
  year     =  2019,
  language = "en"
}

@ARTICLE{Wagenaar2006-td,
  title    = "Searching for plasticity in dissociated cortical cultures on
              multi-electrode arrays",
  author   = "Wagenaar, Daniel A and Pine, Jerome and Potter, Steve M",
  journal  = "J. Negat. Results Biomed.",
  volume   =  5,
  number   =  1,
  year     =  2006,
  language = "en"
}

@INCOLLECTION{Guo2015-oo,
  title     = "Computational models of closed--loop deep brain stimulation",
  booktitle = "Springer Series in Computational Neuroscience",
  author    = "Guo, Yixin and Toppin, Kelly",
  publisher = "Springer International Publishing",
  pages     = "71--106",
  year      =  2015,
  address   = "Cham",
  language  = "en"
}

@ARTICLE{Zeldenrust2018-gz,
  title   = "Neural coding with bursts---current state and future perspectives",
  author  = "Zeldenrust, Fleur and Wadman, Wytse J and Englitz, Bernhard",
  journal = "Front. Comput. Neurosci.",
  volume  =  12,
  year    =  2018
}

@ARTICLE{Stasenko2023-bf,
  title    = "Control of network bursting in a model spiking network supplied
              with memristor---implemented plasticity",
  author   = "Stasenko, Sergey V and Mikhaylov, Alexey N and Kazantsev, Victor
              B",
  journal  = "Mathematics",
  volume   =  11,
  number   =  18,
  pages    = "3888",
  year     =  2023,
  language = "en"
}

@ARTICLE{Wu2012-bh,
  title    = "Bifurcations of emergent bursting in a neuronal network",
  author   = "Wu, Yu and Lu, Wenlian and Lin, Wei and Leng, Gareth and Feng,
              Jianfeng",
  journal  = "PLoS One",
  volume   =  7,
  number   =  6,
  pages    = "e38402",
  year     =  2012,
  language = "en"
}

@MISC{noauthor_undated-cb,
  title        = "{E18} rat cortex",
  booktitle    = "Transnetyx Tissue",
  howpublished = "\url{https://tissue.transnetyx.com/E18-Rat-Cortex_4}",
  note         = "Accessed: 2024-9-27",
  language     = "en"
}

@ARTICLE{Frey2008-ou,
  title    = "Microelectronic system for high-resolution mapping of
              extracellular electric fields applied to brain slices",
  author   = "Frey, U and Egert, U and Heer, F and Hafizovic, S and Hierlemann,
              A",
  journal  = "Biosens. Bioelectron.",
  volume   =  24,
  number   =  7,
  pages    = "2191--2198",
  year     =  2008,
  language = "en"
}

@ARTICLE{Berenyi2012-ci,
  title    = "Closed-loop control of epilepsy by transcranial electrical
              stimulation",
  author   = "Ber{\'e}nyi, Antal and Belluscio, Mariano and Mao, Dun and
              Buzs{\'a}ki, Gy{\"o}rgy",
  journal  = "Science",
  volume   =  337,
  number   =  6095,
  pages    = "735--737",
  year     =  2012,
  language = "en"
}

@ARTICLE{Wagenaar2006-nz,
  title    = "An extremely rich repertoire of bursting patterns during the
              development of cortical cultures",
  author   = "Wagenaar, Daniel A and Pine, Jerome and Potter, Steve M",
  journal  = "BMC Neurosci.",
  volume   =  7,
  number   =  1,
  year     =  2006,
  language = "en"
}

@ARTICLE{Pimashkin2011-rc,
  title   = "Spiking signatures of spontaneous activity bursts in hippocampal
             cultures",
  author  = "Pimashkin, Alexey and Kastalskiy, Innokentiy and Simonov,
             Alexander and Koryagina, Ekaterina and Mukhina, Irina and
             Kazantsev, Victor",
  journal = "Front. Comput. Neurosci.",
  volume  =  5,
  year    =  2011
}

@ARTICLE{Douglas2004-hr,
  title    = "Neuronal circuits of the neocortex",
  author   = "Douglas, Rodney J and Martin, Kevan A C",
  journal  = "Annu. Rev. Neurosci.",
  volume   =  27,
  pages    = "419--451",
  year     =  2004,
  language = "en"
}

@ARTICLE{Markram2004-ud,
  title    = "Interneurons of the neocortical inhibitory system",
  author   = "Markram, Henry and Toledo-Rodriguez, Maria and Wang, Yun and
              Gupta, Anirudh and Silberberg, Gilad and Wu, Caizhi",
  journal  = "Nat. Rev. Neurosci.",
  volume   =  5,
  number   =  10,
  pages    = "793--807",
  year     =  2004,
  language = "en"
}

@ARTICLE{Quiroga2004-kd,
  title    = "Unsupervised spike detection and sorting with wavelets and
              superparamagnetic clustering",
  author   = "Quiroga, R Quian and Nadasdy, Z and Ben-Shaul, Y",
  journal  = "Neural Comput.",
  volume   =  16,
  number   =  8,
  pages    = "1661--1687",
  year     =  2004,
  language = "en"
}

@ARTICLE{Buzsaki2014-ta,
  title    = "The log-dynamic brain: how skewed distributions affect network
              operations",
  author   = "Buzs{\'a}ki, Gy{\"o}rgy and Mizuseki, Kenji",
  journal  = "Nat. Rev. Neurosci.",
  volume   =  15,
  number   =  4,
  pages    = "264--278",
  year     =  2014,
  language = "en"
}

@ARTICLE{Perkel1967-wa,
  title    = "Neuronal spike trains and stochastic point processes. I. The
              single spike train",
  author   = "Perkel, D H and Gerstein, G L and Moore, G P",
  journal  = "Biophys. J.",
  volume   =  7,
  number   =  4,
  pages    = "391--418",
  year     =  1967,
  language = "en"
}

@ARTICLE{Stuart1997-ho,
  title    = "Action potential initiation and backpropagation in neurons of the
              mammalian {CNS}",
  author   = "Stuart, G and Spruston, N and Sakmann, B and H{\"a}usser, M",
  journal  = "Trends Neurosci.",
  volume   =  20,
  number   =  3,
  pages    = "125--131",
  year     =  1997,
  language = "en"
}
